
@misc{dajare-sta,
  title        = {ダジャレ・ステーション | 面白いダジャレが満載！},
  howpublished = {\url{https://dajare.jp/}},
  year         = {2022/7/12閲覧}
}